@article{nakamoto2008bitcoin,
  title={Bitcoin: A peer-to-peer electronic cash system},
  author={Nakamoto, Satoshi},
  journal={Decentralized Business Review},
  pages={21260},
  year={2008}
}

@book{wood2014ethereum,
    title={Ethereum: A secure decentralised generalised transaction ledger},
    author={Wood, Gavin},
    year={2014},
    publisher={Ethereum Project Yellow Paper}
}

@misc{ipfs,
    author = {Benet, Juan},
    title = {{IPFS - Content Addressed, Versioned, P2P File System}},
    year = {2014},
    howpublished = {\url{https://arxiv.org/abs/1407.3561}},
}

@article{haralayya2021core,
  title={Core banking technology and its top 6 implementation challenges},
  author={Haralayya, Bhadrappa},
  journal={Journal of Advanced Research in Operational and Marketing Management},
  volume={4},
  number={1},
  pages={25--27},
  year={2021}
}

@inproceedings{koteska2017blockchain,
  title={Blockchain implementation quality challenges: a literature},
  author={Koteska, Bojana and Karafiloski, Elena and Mishev, Anastas},
  booktitle={SQAMIA 2017: 6th workshop of software quality, analysis, monitoring, improvement, and applications},
  volume={11},
  pages={2017},
  year={2017}
}

@article{peng2021privacy,
  title={Privacy preservation in permissionless blockchain: A survey},
  author={Peng, Li and Feng, Wei and Yan, Zheng and Li, Yafeng and Zhou, Xiaokang and Shimizu, Shohei},
  journal={Digital Communications and Networks},
  volume={7},
  number={3},
  pages={295--307},
  year={2021},
  publisher={Elsevier}
}

@misc{Vietnamese2023ND13,
  author       = {{Chính phủ}},
  title        = {Nghị định số 13/2023/NĐ-CP về Bảo vệ dữ liệu cá nhân},
  year         = {2023},
  howpublished = {Hệ thống văn bản quy phạm pháp luật},
  note         = {Ban hành ngày 17 tháng 4 năm 2023, có hiệu lực từ ngày 01 tháng 7 năm 2023}
}

@misc{Vietnamese2022Luat14,
  author       = {{Quốc hội}},
  title        = {Luật Phòng, chống rửa tiền số 14/2022/QH15},
  year         = {2022},
  howpublished = {Hệ thống văn bản quy phạm pháp luật},
  note         = {Thông qua ngày 15 tháng 11 năm 2022, có hiệu lực từ ngày 01 tháng 3 năm 2023}
}

@misc{Vietnamese2023ND19,
  author       = {{Chính phủ}},
  title        = {Nghị định số 19/2023/NĐ-CP quy định chi tiết một số điều của Luật Phòng, chống rửa tiền},
  year         = {2023},
  howpublished = {Hệ thống văn bản quy phạm pháp luật},
  note         = {Ban hành ngày 28 tháng 4 năm 2023, có hiệu lực cùng ngày với Luật Phòng, chống rửa tiền}
}

@misc{Vietnamese2023TT09,
  author       = {{Ngân hàng Nhà nước Việt Nam}},
  title        = {Thông tư số 09/2023/TT-NHNN hướng dẫn thực hiện một số điều của Luật Phòng, chống rửa tiền},
  year         = {2023},
  howpublished = {Hệ thống văn bản quy phạm pháp luật},
  note         = {Ban hành ngày 28 tháng 7 năm 2023, có hiệu lực từ ngày 28 tháng 7 năm 2023}
}

@misc{ebsi2020,
  title     = {European Blockchain Services Infrastructure (EBSI)},
  year      = {2020},
  note      = {\url{https://digital-strategy.ec.europa.eu/en/policies/ebsi}}
}

@misc{bsn2020,
  title     = {Blockchain-based Service Network (BSN)},
  year      = {2020},
  note      = {\url{https://bsnbase.io}}
}

@misc{BinanceAcademy_PoSA,
  title = {Proof of Staked Authority (PoSA)},
  author = {{Binance Academy}},
  year = {2025},
  month = {June},
  url = {https://academy.binance.com/en/glossary/proof-of-staked-authority-posa},
  note = {Accessed: 2025-06-15}
}

@misc{swift_website,
  title   = {{SWIFT}},
  author  = {{Society for Worldwide Interbank Financial Telecommunication (SWIFT)}},
  year    = {2025},
  url     = {https://www.swift.com/},
  note    = {Accessed on 2025-06-14}
}

@misc{visa_website,
  title   = {{Visa}},
  author  = {{Visa Inc.}},
  year    = {2025},
  url     = {https://www.visa.com/},
  note    = {Accessed on 2025-06-14}
}

@techreport{buterin2014ethereum,
  title={Ethereum: A next-generation smart contract and decentralized application platform},
  author={Buterin, Vitalik},
  year={2014},
  institution={Ethereum Foundation},
  note={Accessed on 2025-06-14}
}

@techreport{yakovenko2017solana,
  title={Solana: A new architecture for a high performance blockchain},
  author={Yakovenko, Anatoly},
  year={2017},
  institution={Solana Labs},
  url={https://solana.com/solana-whitepaper.pdf},
  note={Accessed on 2025-06-14}
}

@article{rocket2019scalable,
  title={Scalable and probabilistic leaderless BFT consensus through metastability},
  author={{Team Rocket}},
  journal={arXiv preprint arXiv:1906.08936},
  year={2019},
  url={https://arxiv.org/abs/1906.08936},
  note={Accessed on 2025-06-14}
}

@techreport{kwon2016cosmos,
  title={Cosmos: A network of distributed ledgers},
  author={Kwon, Jae and Buchman, Ethan},
  year={2016},
  institution={Cosmos},
  url={https://v1.cosmos.network/resources/whitepaper},
  note={Accessed on 2025-06-14}
}

@misc{substrate_docs,
  title   = {{Substrate: The blockchain development framework}},
  author  = {{Parity Technologies}},
  year    = {2025},
  url     = {https://substrate.io/},
  note    = {Accessed on 2025-06-14}
}
